<record><leader>00000cas a2200000   4500</leader><controlfield tag="001">4080668</controlfield><controlfield tag="008">780724c19079999pauwr ne      0   a0eng d</controlfield><datafield ind1=" " ind2=" " tag="010"><subfield code="a">sn 78001330 </subfield></datafield><datafield ind1=" " ind2=" " tag="040"><subfield code="a">MUL</subfield><subfield code="b">eng</subfield><subfield code="c">MUL</subfield><subfield code="d">NSD</subfield><subfield code="d">NPH</subfield><subfield code="d">DLC</subfield><subfield code="d">NSD</subfield><subfield code="d">OCL</subfield><subfield code="d">NVF</subfield><subfield code="d">OCLCQ</subfield><subfield code="d">OCLCF</subfield><subfield code="d">OCLCO</subfield></datafield><datafield ind1="0" ind2=" " tag="022"><subfield code="a">0017-4289</subfield><subfield code="l">0017-4289</subfield><subfield code="2">1</subfield></datafield><datafield ind1="1" ind2=" " tag="029"><subfield code="a">AU@</subfield><subfield code="b">000020286148</subfield></datafield><datafield ind1="1" ind2=" " tag="029"><subfield code="a">NZ1</subfield><subfield code="b">16053127</subfield></datafield><datafield ind1=" " ind2=" " tag="032"><subfield code="a">930620</subfield><subfield code="b">USPS</subfield></datafield><datafield ind1=" " ind2=" " tag="042"><subfield code="a">nsdp</subfield></datafield><datafield ind1="0" ind2="0" tag="050"><subfield code="a">Newspaper</subfield></datafield><datafield ind1="1" ind2="0" tag="082"><subfield code="a">051</subfield><subfield code="2">12</subfield></datafield><datafield ind1="0" ind2=" " tag="130"><subfield code="a">Grit (Williamsport, Pa. : National ed.)</subfield></datafield><datafield ind1="0" ind2=" " tag="210"><subfield code="a">Grit</subfield><subfield code="b">(Williamsport, Pa. : Natl. ed.)</subfield></datafield><datafield ind1=" " ind2="0" tag="222"><subfield code="a">Grit</subfield><subfield code="b">(Williamsport, Pa. : National ed.)</subfield></datafield><datafield ind1="0" ind2="0" tag="245"><subfield code="a">Grit.</subfield></datafield><datafield ind1=" " ind2=" " tag="250"><subfield code="a">National ed.</subfield></datafield><datafield ind1=" " ind2=" " tag="260"><subfield code="a">Williamsport, Pa. :</subfield><subfield code="b">Grit Pub. Co.,</subfield><subfield code="c">1907-</subfield></datafield><datafield ind1=" " ind2=" " tag="300"><subfield code="a">v.</subfield></datafield><datafield ind1=" " ind2=" " tag="310"><subfield code="a">Weekly,</subfield><subfield code="b">&lt;Mar. 25, 1984&gt;-</subfield></datafield><datafield ind1=" " ind2=" " tag="321"><subfield code="a">Weekly,</subfield><subfield code="b">&lt;1907&gt;-&lt; &gt;</subfield></datafield><datafield ind1=" " ind2=" " tag="321"><subfield code="a">51 no. per year,</subfield><subfield code="b">&lt;May 1, 1983&gt;-&lt; &gt;</subfield></datafield><datafield ind1="0" ind2=" " tag="362"><subfield code="a">Vol. 25, no. 52 (Nov. 24, 1907)-</subfield></datafield><datafield ind1=" " ind2=" " tag="580"><subfield code="a">Other weekly eds.: Grit (Pennsylvania ed.), 1907-1980, and: Grit (Williamsport ed.), 1907-1980, and: Grit (Regional ed.), 1981-1982, and: Sunday grit (Williamsport, Pa. : 1982), 1982- .</subfield></datafield><datafield ind1=" " ind2="0" tag="651"><subfield code="a">Williamsport (Pa.)</subfield><subfield code="v">Newspapers.</subfield></datafield><datafield ind1=" " ind2="7" tag="655"><subfield code="a">Newspapers.</subfield><subfield code="2">fast</subfield><subfield code="0">(OCoLC)fst01423814</subfield></datafield><datafield ind1=" " ind2="7" tag="651"><subfield code="a">Pennsylvania</subfield><subfield code="z">Williamsport.</subfield><subfield code="2">fast</subfield><subfield code="0">(OCoLC)fst01203005</subfield></datafield><datafield ind1=" " ind2=" " tag="752"><subfield code="a">United States</subfield><subfield code="b">Pennsylvania</subfield><subfield code="c">Lycoming</subfield><subfield code="d">Williamsport.</subfield></datafield><datafield ind1="1" ind2=" " tag="775"><subfield code="t">Grit (Pennsylvania ed.)</subfield><subfield code="w">(DLC)sn 86081754</subfield></datafield><datafield ind1="1" ind2=" " tag="775"><subfield code="t">Grit (Williamsport ed.)</subfield><subfield code="w">(DLC)sn 86081755</subfield></datafield><datafield ind1="1" ind2=" " tag="775"><subfield code="t">Grit (Regional ed.)</subfield><subfield code="w">(DLC)sn 86081756</subfield></datafield><datafield ind1="1" ind2=" " tag="775"><subfield code="t">Sunday grit (Williamsport, Pa. : 1982)</subfield><subfield code="w">(DLC)sn 8303367</subfield></datafield><datafield ind1="0" ind2="1" tag="780"><subfield code="t">Pennsylvania grit</subfield><subfield code="w">(DLC)sn 86081759</subfield></datafield></record>